@online{nielsen:2000:WhyYouOnly,
  title = {Why You Only Need to Test with 5 Users},
  author = {Nielsen, Jakob},
  year = {2000},
  url = {https://www.nngroup.com/articles/why-you-only-need-to-test-with-5-users/},
  urldate = {2024-06-28},
  note = {Accessed: June 28, 2024}
}