@inproceedings{agarwal:2022:LEGenTLocalizingErrors,
  title = {{{LEGenT}}: {{Localizing Errors}} and {{Generating Testcases}} for {{CS1}}},
  shorttitle = {{{LEGenT}}},
  author = {Agarwal, Nimisha and Karkare, Amey},
  year = {2022},
  month = jun,
  pages = {102--112}
}

@inproceedings{aggarwal:2022:UnisonLiveAutomated,
  title = {Unison {{Live}}: {{Automated Feedback}}, {{Grading}}, and {{Analytics LTI Application}}},
  shorttitle = {Unison {{Live}}},
  booktitle = {Proceedings of the 22nd {{Koli Calling International Conference}} on {{Computing Education Research}}},
  author = {Aggarwal, Ashish and Vasquez, Aeyzechiah},
  year = {2022},
  month = nov,
  series = {Koli {{Calling}} '22},
  pages = {1},
  publisher = {Association for Computing Machinery},
  isbn = {978-1-4503-9616-5}
}

@article{alexander:1998:ProfilingDifferencesStudents,
  title = {Profiling the Differences in Students' Knowledge, Interest, and Strategic Processing},
  author = {Alexander, Patricia A. and Murphy, P. Karen},
  year = {1998},
  journal = {Journal of Educational Psychology},
  volume = {90},
  number = {3},
  pages = {435--447},
  publisher = {American Psychological Association},
  issn = {1939-2176}
}

@article{allen:2007:LikertScalesData,
  title = {Likert {{Scales}} and {{Data Analyses}}},
  author = {Allen, I Elaine and Seaman, Christopher A},
  year = {2007},
  journal = {Quality progress},
  volume = {40},
  number = {7},
  pages = {64--65}
}

@inproceedings{alomar:2024:AutomatingSourceCode,
  title = {Automating {{Source Code Refactoring}} in the {{Classroom}}},
  booktitle = {Proceedings of the 55th {{ACM Technical Symposium}} on {{Computer Science Education V}}. 1},
  author = {AlOmar, Eman Abdullah and Mkaouer, Mohamed Wiem and Ouni, Ali},
  year = {2024},
  month = mar,
  series = {{{SIGCSE}} 2024},
  pages = {60--66},
  publisher = {Association for Computing Machinery},
  isbn = {9798400704239}
}

@misc{amatriain:2024:PromptDesignEngineering,
  title = {Prompt {{Design}} and {{Engineering}}: {{Introduction}} and {{Advanced Methods}}},
  shorttitle = {Prompt {{Design}} and {{Engineering}}},
  author = {Amatriain, Xavier},
  year = {2024},
  month = may,
  number = {arXiv:2401.14423},
  eprint = {2401.14423},
  primaryclass = {cs},
  publisher = {arXiv},
  archiveprefix = {arXiv}
}

@misc{azaiz:2024:FeedbackGenerationProgrammingExercises,
  title = {Feedback-{{Generation}} for {{Programming Exercises With GPT-4}}},
  author = {Azaiz, Imen and Kiesler, Natalie and Strickroth, Sven},
  year = {2024},
  month = mar,
  number = {arXiv:2403.04449},
  eprint = {2403.04449},
  primaryclass = {cs},
  publisher = {arXiv},
  archiveprefix = {arXiv},
  langid = {english}
}

@inproceedings{balse:2023:InvestigatingPotentialGPT3,
  title = {Investigating the {{Potential}} of {{GPT-3}} in {{Providing Feedback}} for {{Programming Assessments}}},
  booktitle = {Proceedings of the 2023 {{Conference}} on {{Innovation}} and {{Technology}} in {{Computer Science Education V}}. 1},
  author = {Balse, Rishabh and Valaboju, Bharath and Singhal, Shreya and Warriem, Jayakrishnan Madathil and Prasad, Prajish},
  year = {2023},
  month = jun,
  series = {{{ITiCSE}} 2023},
  pages = {292--298},
  publisher = {Association for Computing Machinery},
  isbn = {9798400701382}
}

@article{barke:2023:GroundedCopilotHow,
  title = {Grounded {{Copilot}}: {{How Programmers Interact}} with {{Code-Generating Models}}},
  shorttitle = {Grounded {{Copilot}}},
  author = {Barke, Shraddha and James, Michael B. and Polikarpova, Nadia},
  year = {2023},
  month = apr,
  journal = {Replication Package for Article: "Grounded Copilot: How Programmers Interact with Code-Generating Models"},
  volume = {7},
  number = {OOPSLA1},
  pages = {78:85--78:111}
}

@inproceedings{becker:2023:ProgrammingHardLeast,
  title = {Programming {{Is Hard}} - {{Or}} at {{Least It Used}} to {{Be}}: {{Educational Opportunities}} and {{Challenges}} of {{AI Code Generation}}},
  shorttitle = {Programming {{Is Hard}} - {{Or}} at {{Least It Used}} to {{Be}}},
  booktitle = {Proceedings of the 54th {{ACM Technical Symposium}} on {{Computer Science Education V}}. 1},
  author = {Becker, Brett A. and Denny, Paul and {Finnie-Ansley}, James and {Luxton-Reilly}, Andrew and Prather, James and Santos, Eddie Antonio},
  year = {2023},
  month = mar,
  series = {{{SIGCSE}} 2023},
  pages = {500--506},
  publisher = {Association for Computing Machinery},
  isbn = {978-1-4503-9431-4}
}

@inproceedings{birillo:2022:HyperstyleToolAssessing,
  title = {Hyperstyle: {{A Tool}} for {{Assessing}} the {{Code Quality}} of {{Solutions}} to {{Programming Assignments}}},
  shorttitle = {Hyperstyle},
  booktitle = {Proceedings of the 53rd {{ACM Technical Symposium}} on {{Computer Science Education}} - {{Volume}} 1},
  author = {Birillo, Anastasiia and Vlasov, Ilya and Burylov, Artyom and Selishchev, Vitalii and Goncharov, Artyom and Tikhomirova, Elena and Vyahhi, Nikolay and Bryksin, Timofey},
  year = {2022},
  month = feb,
  series = {{{SIGCSE}} 2022},
  volume = {1},
  pages = {307--313},
  publisher = {Association for Computing Machinery},
  isbn = {978-1-4503-9070-5}
}

@article{bucinca:2021:TrustThinkCognitive,
  title = {To {{Trust}} or to {{Think}}: {{Cognitive Forcing Functions Can Reduce Overreliance}} on {{AI}} in {{AI-assisted Decision-making}}},
  shorttitle = {To {{Trust}} or to {{Think}}},
  author = {Bu{\c c}inca, Zana and Malaya, Maja Barbara and Gajos, Krzysztof Z.},
  year = {2021},
  month = apr,
  journal = {Proc. ACM Hum.-Comput. Interact.},
  volume = {5},
  number = {CSCW1},
  pages = {188:1--188:21}
}

@inproceedings{charitsis:2022:UsingNLPQuantify,
  title = {Using {{NLP}} to {{Quantify Program Decomposition}} in {{CS1}}},
  booktitle = {Proceedings of the {{Ninth ACM Conference}} on {{Learning}} @ {{Scale}}},
  author = {Charitsis, Charis and Piech, Chris and Mitchell, John C.},
  year = {2022},
  month = jun,
  series = {L@{{S}} '22},
  pages = {113--120},
  publisher = {Association for Computing Machinery},
  isbn = {978-1-4503-9158-0}
}

@inproceedings{chen:2024:EnhancingAutomatedFeedbacka,
  title = {Enhancing {{Automated Feedback}} in {{On-Going Assignments}}},
  booktitle = {Proceedings of the 55th {{ACM Technical Symposium}} on {{Computer Science Education V}}. 2},
  author = {Chen, Huanyi and Ward, Paul A.S.},
  year = {2024},
  month = mar,
  series = {{{SIGCSE}} 2024},
  pages = {1596--1597},
  publisher = {Association for Computing Machinery},
  isbn = {9798400704246}
}

@article{dawson:2019:WhatMakesEffective,
  title = {What Makes for Effective Feedback: Staff and Student Perspectives},
  shorttitle = {What Makes for Effective Feedback},
  author = {Dawson, Phillip and Henderson, Michael and Mahoney, Paige and Phillips, Michael and Ryan, Tracii and Boud, David and Molloy, Elizabeth},
  year = {2019},
  month = jan,
  journal = {Assessment \& Evaluation in Higher Education},
  volume = {44},
  number = {1},
  pages = {25--36},
  publisher = {Routledge},
  issn = {0260-2938}
}

@article{dawson:2019:WhatMakesEffectivea,
  title = {What Makes for Effective Feedback: Staff and Student Perspectives},
  shorttitle = {What Makes for Effective Feedback},
  author = {Dawson, Phillip and Henderson, Michael and Mahoney, Paige and Phillips, Michael and Ryan, Tracii and Boud, David and Molloy, Elizabeth},
  year = {2019},
  month = jan,
  journal = {Assessment \& Evaluation in Higher Education},
  volume = {44},
  number = {1},
  pages = {25--36},
  publisher = {Routledge},
  issn = {0260-2938}
}

@article{deeva:2021:ReviewAutomatedFeedback,
  title = {A Review of Automated Feedback Systems for Learners: {{Classification}} Framework, Challenges and Opportunities},
  shorttitle = {A Review of Automated Feedback Systems for Learners},
  author = {Deeva, Galina and Bogdanova, Daria and Serral, Estefan{\'i}a and Snoeck, Monique and De Weerdt, Jochen},
  year = {2021},
  month = mar,
  journal = {Computers \& Education},
  volume = {162},
  pages = {104094},
  issn = {0360-1315}
}

@inproceedings{demszky:2023:MPoweringTeachersNatural,
  title = {M-{{Powering Teachers}}: {{Natural Language Processing Powered Feedback Improves}} 1:1 {{Instruction}} and {{Student Outcomes}}},
  shorttitle = {M-{{Powering Teachers}}},
  booktitle = {Proceedings of the {{Tenth ACM Conference}} on {{Learning}} @ {{Scale}}},
  author = {Demszky, Dorottya and Liu, Jing},
  year = {2023},
  month = jul,
  series = {L@{{S}} '23},
  pages = {59--69},
  publisher = {Association for Computing Machinery},
  isbn = {9798400700255}
}

@inproceedings{deriba:2024:EnhancingComputerProgramming,
  title = {Enhancing {{Computer Programming Education}} Using {{ChatGPT- A Mini Review}}},
  booktitle = {Proceedings of the 23rd {{Koli Calling International Conference}} on {{Computing Education Research}}},
  author = {Deriba, Fitsum Gizachew and Sanusi, Ismaila Temitayo and Sunday, Amos Oyelere},
  year = {2024},
  month = feb,
  series = {Koli {{Calling}} '23},
  pages = {1--2},
  publisher = {Association for Computing Machinery},
  isbn = {9798400716539}
}

@inproceedings{elhayany:2023:AutomatedCodeAssessment,
  title = {Towards {{Automated Code Assessment}} with {{OpenJupyter}} in {{MOOCs}}},
  booktitle = {Proceedings of the {{Tenth ACM Conference}} on {{Learning}} @ {{Scale}}},
  author = {Elhayany, Mohamed and Meinel, Christoph},
  year = {2023},
  month = jul,
  series = {L@{{S}} '23},
  pages = {321--325},
  publisher = {Association for Computing Machinery},
  isbn = {9798400700255}
}

@misc{gao:2024:RetrievalAugmentedGenerationLarge,
  title = {Retrieval-{{Augmented Generation}} for {{Large Language Models}}: {{A Survey}}},
  shorttitle = {Retrieval-{{Augmented Generation}} for {{Large Language Models}}},
  author = {Gao, Yunfan and Xiong, Yun and Gao, Xinyu and Jia, Kangxiang and Pan, Jinliu and Bi, Yuxi and Dai, Yi and Sun, Jiawei and Wang, Meng and Wang, Haofen},
  year = {2024},
  month = mar,
  number = {arXiv:2312.10997},
  eprint = {2312.10997},
  primaryclass = {cs},
  publisher = {arXiv},
  archiveprefix = {arXiv}
}

@article{hahn:2021:SystematicReviewEffects,
  title = {A {{Systematic Review}} of the {{Effects}} of {{Automatic Scoring}} and {{Automatic Feedback}} in {{Educational Settings}}},
  author = {Hahn, Marcelo Guerra and Navarro, Silvia Margarita Baldiris and De La Fuente Valentin, Luis and Burgos, Daniel},
  year = {2021},
  journal = {IEEE Access},
  volume = {9},
  pages = {108190--108198},
  issn = {2169-3536},
  langid = {english}
}

@inproceedings{hellas:2023:ExploringResponsesLargea,
  title = {Exploring the {{Responses}} of {{Large Language Models}} to {{Beginner Programmers}}' {{Help Requests}}},
  booktitle = {Proceedings of the 2023 {{ACM Conference}} on {{International Computing Education Research}} - {{Volume}} 1},
  author = {Hellas, Arto and Leinonen, Juho and Sarsa, Sami and Koutcheme, Charles and Kujanp{\"a}{\"a}, Lilja and Sorva, Juha},
  year = {2023},
  month = sep,
  series = {{{ICER}} '23},
  volume = {1},
  pages = {93--105},
  publisher = {Association for Computing Machinery},
  isbn = {978-1-4503-9976-0}
}

@article{henderson:2019:ChallengesFeedbackHigher,
  title = {The Challenges of Feedback in Higher Education},
  author = {Henderson, Michael and Ryan, Tracii and Phillips, Michael},
  year = {2019},
  month = nov,
  journal = {Assessment \& Evaluation in Higher Education},
  volume = {44},
  number = {8},
  pages = {1237--1252},
  publisher = {Routledge},
  issn = {0260-2938}
}

@article{higgins:2002:ConscientiousConsumerReconsidering,
  title = {The {{Conscientious Consumer}}: {{Reconsidering}} the Role of Assessment Feedback in Student Learning},
  shorttitle = {The {{Conscientious Consumer}}},
  author = {Higgins, Richard and Hartley, Peter and Skelton, Alan},
  year = {2002},
  month = feb,
  journal = {Studies in Higher Education},
  volume = {27},
  number = {1},
  pages = {53--64},
  publisher = {Routledge},
  issn = {0307-5079}
}

@misc{huang:2023:SurveyHallucinationLargea,
  title = {A {{Survey}} on {{Hallucination}} in {{Large Language Models}}: {{Principles}}, {{Taxonomy}}, {{Challenges}}, and {{Open Questions}}},
  shorttitle = {A {{Survey}} on {{Hallucination}} in {{Large Language Models}}},
  author = {Huang, Lei and Yu, Weijiang and Ma, Weitao and Zhong, Weihong and Feng, Zhangyin and Wang, Haotian and Chen, Qianglong and Peng, Weihua and Feng, Xiaocheng and Qin, Bing and Liu, Ting},
  year = {2023},
  month = nov,
  number = {arXiv:2311.05232},
  eprint = {2311.05232},
  primaryclass = {cs},
  publisher = {arXiv},
  archiveprefix = {arXiv}
}

@misc{huang:2023:SurveyHallucinationLargeb,
  title = {A {{Survey}} on {{Hallucination}} in {{Large Language Models}}: {{Principles}}, {{Taxonomy}}, {{Challenges}}, and {{Open Questions}}},
  shorttitle = {A {{Survey}} on {{Hallucination}} in {{Large Language Models}}},
  author = {Huang, Lei and Yu, Weijiang and Ma, Weitao and Zhong, Weihong and Feng, Zhangyin and Wang, Haotian and Chen, Qianglong and Peng, Weihua and Feng, Xiaocheng and Qin, Bing and Liu, Ting},
  year = {2023},
  month = nov,
  number = {arXiv:2311.05232},
  eprint = {2311.05232},
  primaryclass = {cs},
  publisher = {arXiv},
  archiveprefix = {arXiv}
}

@book{irons:2007:EnhancingLearningFormative,
  title = {Enhancing {{Learning}} through {{Formative Assessment}} and {{Feedback}}},
  author = {Irons, Alastair},
  year = {2007},
  month = oct,
  publisher = {Routledge},
  isbn = {978-0-203-93433-3}
}

@inproceedings{jamal:2024:EnhancingFormativeFeedback,
  title = {Enhancing {{Formative Feedback}} at {{Scale}} with the {{Intelligent Feedback Assistant}}},
  booktitle = {Proceedings of the 55th {{ACM Technical Symposium}} on {{Computer Science Education V}}. 2},
  author = {Jamal, Rifa and Renzella, Jake},
  year = {2024},
  month = mar,
  series = {{{SIGCSE}} 2024},
  pages = {1692--1693},
  publisher = {Association for Computing Machinery},
  isbn = {9798400704246}
}

@article{jonsson:2013:FacilitatingProductiveUse,
  title = {Facilitating Productive Use of Feedback in Higher Education},
  author = {Jonsson, Anders},
  year = {2013},
  journal = {Active Learning in Higher Education},
  volume = {14},
  number = {1},
  pages = {63--76},
  publisher = {Sage Publications},
  issn = {1741-2625}
}

@inproceedings{kazemitabaar:2023:StudyingEffectAIa,
  title = {Studying the Effect of {{AI Code Generators}} on {{Supporting Novice Learners}} in {{Introductory Programming}}},
  booktitle = {Proceedings of the 2023 {{CHI Conference}} on {{Human Factors}} in {{Computing Systems}}},
  author = {Kazemitabaar, Majeed and Chow, Justin and Ma, Carl Ka To and Ericson, Barbara J. and Weintrop, David and Grossman, Tovi},
  year = {2023},
  month = apr,
  series = {{{CHI}} '23},
  pages = {1--23},
  publisher = {Association for Computing Machinery},
  isbn = {978-1-4503-9421-5}
}

@inproceedings{kazemitabaar:2024:HowNovicesUse,
  title = {How {{Novices Use LLM-based Code Generators}} to {{Solve CS1 Coding Tasks}} in a {{Self-Paced Learning Environment}}},
  booktitle = {Proceedings of the 23rd {{Koli Calling International Conference}} on {{Computing Education Research}}},
  author = {Kazemitabaar, Majeed and Hou, Xinying and Henley, Austin and Ericson, Barbara Jane and Weintrop, David and Grossman, Tovi},
  year = {2024},
  month = feb,
  series = {Koli {{Calling}} '23},
  pages = {1--12},
  publisher = {Association for Computing Machinery},
  isbn = {9798400716539}
}

@article{keuning:2018:SystematicLiteratureReview,
  title = {A Systematic Literature Review of Automated Feedback Generation for Programming Exercises},
  author = {Keuning, Hieke and Jeuring, Johan and Heeren, Bastiaan},
  year = {2018},
  month = sep,
  journal = {ACM Transactions on Computing Education},
  volume = {19},
  number = {1},
  publisher = {Association for Computing Machinery},
  articleno = {3},
  issue_date = {March 2019}
}

@inproceedings{kiesler:2023:ExploringPotentialLarge,
  title = {Exploring the {{Potential}} of {{Large Language Models}} to {{Generate Formative Programming Feedback}}},
  booktitle = {2023 {{IEEE Frontiers}} in {{Education Conference}} ({{FIE}})},
  author = {Kiesler, Natalie and Lohr, Dominic and Keuning, Hieke},
  year = {2023},
  month = oct,
  pages = {1--5},
  issn = {2377-634X}
}

@misc{kiesler:2023:LargeLanguageModels,
  title = {Large {{Language Models}} in {{Introductory Programming Education}}: {{ChatGPT}}'s {{Performance}} and {{Implications}} for {{Assessments}}},
  shorttitle = {Large {{Language Models}} in {{Introductory Programming Education}}},
  author = {Kiesler, Natalie and Schiffner, Daniel},
  year = {2023},
  month = aug,
  number = {arXiv:2308.08572},
  eprint = {2308.08572},
  primaryclass = {cs},
  publisher = {arXiv},
  archiveprefix = {arXiv}
}

@article{kirschner:2006:WhyMinimalGuidance,
  title = {Why {{Minimal Guidance During Instruction Does Not Work}}: {{An Analysis}} of the {{Failure}} of {{Constructivist}}, {{Discovery}}, {{Problem-Based}}, {{Experiential}}, and {{Inquiry-Based Teaching}}},
  shorttitle = {Why {{Minimal Guidance During Instruction Does Not Work}}},
  author = {Kirschner, Paul A. and Sweller, John and Clark, Richard E.},
  year = {2006},
  month = jun,
  journal = {Educational Psychologist},
  volume = {41},
  number = {2},
  pages = {75--86},
  publisher = {Routledge},
  issn = {0046-1520}
}

@inproceedings{kok:2023:CombGivingFeedback,
  title = {Comb: {{Giving Feedback}} to {{Short Answer}} at {{Scale}} with {{Human-in-the-Loop Rubric Creation}}},
  shorttitle = {Comb},
  booktitle = {Proceedings of the {{Tenth ACM Conference}} on {{Learning}} @ {{Scale}}},
  author = {Kok, Christopher and Wang, Xu},
  year = {2023},
  month = jul,
  series = {L@{{S}} '23},
  pages = {398--400},
  publisher = {Association for Computing Machinery},
  isbn = {9798400700255}
}

@inproceedings{koutcheme:2022:OpenNaturalLanguage,
  title = {Towards {{Open Natural Language Feedback Generation}} for {{Novice Programmers}} Using {{Large Language Models}}},
  booktitle = {Proceedings of the 22nd {{Koli Calling International Conference}} on {{Computing Education Research}}},
  author = {Koutcheme, Charles},
  year = {2022},
  month = nov,
  series = {Koli {{Calling}} '22},
  pages = {1--2},
  publisher = {Association for Computing Machinery},
  isbn = {978-1-4503-9616-5}
}

@inproceedings{kristiansen:2024:FeedbackStudentProgramming,
  title = {Feedback on {{Student Programming Assignments}}: {{Teaching Assistants}} vs {{Automated Assessment Tool}}},
  shorttitle = {Feedback on {{Student Programming Assignments}}},
  booktitle = {Proceedings of the 23rd {{Koli Calling International Conference}} on {{Computing Education Research}}},
  author = {Kristiansen, Nynne Grauslund and Nicolajsen, Sebastian Mateos and Brabrand, Claus},
  year = {2024},
  month = feb,
  series = {Koli {{Calling}} '23},
  pages = {1--10},
  publisher = {Association for Computing Machinery},
  isbn = {9798400716539}
}

@inproceedings{krusche:2017:InteractiveLearningIncreasing,
  title = {Interactive {{Learning}}: {{Increasing Student Participation}} through {{Shorter Exercise Cycles}}},
  shorttitle = {Interactive {{Learning}}},
  booktitle = {Proceedings of the {{Nineteenth Australasian Computing Education Conference}}},
  author = {Krusche, Stephan and Seitz, Andreas and B{\"o}rstler, J{\"u}rgen and Bruegge, Bernd},
  year = {2017},
  month = jan,
  series = {{{ACE}} '17},
  pages = {17--26},
  publisher = {Association for Computing Machinery},
  isbn = {978-1-4503-4823-2}
}

@inproceedings{krusche:2018:ArTEMiSAutomaticAssessmentf,
  title = {<placeholder due to the anonymized review>},
  booktitle = {},
  author = {Anonymized Author},
  year = {2018},
  pages = {},
  isbn = {}
}

@article{latif:2023:FinetuningChatGPTAutomatic,
  title = {Fine-Tuning {{ChatGPT}} for {{Automatic Scoring}}},
  author = {Latif, Ehsan and Zhai, Xiaoming},
  year = {2023},
  publisher = {[object Object]}
}

@article{lee:2023:ApplyingLargeLanguage,
  title = {Applying {{Large Language Models}} and {{Chain-of-Thought}} for {{Automatic Scoring}}},
  author = {Lee, Gyeong-Geon and Latif, Ehsan and Wu, Xuansheng and Liu, Ninghao and Zhai, Xiaoming},
  year = {2023},
  publisher = {[object Object]}
}

@inproceedings{leinonen:2022:ComparisonImmediateScheduled,
  title = {A {{Comparison}} of {{Immediate}} and {{Scheduled Feedback}} in {{Introductory Programming Projects}}},
  booktitle = {Proceedings of the 53rd {{ACM Technical Symposium}} on {{Computer Science Education}} - {{Volume}} 1},
  author = {Leinonen, Juho and Denny, Paul and Whalley, Jacqueline},
  year = {2022},
  month = feb,
  series = {{{SIGCSE}} 2022},
  volume = {1},
  pages = {885--891},
  publisher = {Association for Computing Machinery},
  isbn = {978-1-4503-9070-5}
}

@inproceedings{leinonen:2023:UsingLargeLanguage,
  title = {Using {{Large Language Models}} to {{Enhance Programming Error Messages}}},
  booktitle = {Proceedings of the 54th {{ACM Technical Symposium}} on {{Computer Science Education V}}. 1},
  author = {Leinonen, Juho and Hellas, Arto and Sarsa, Sami and Reeves, Brent and Denny, Paul and Prather, James and Becker, Brett A.},
  year = {2023},
  month = mar,
  series = {{{SIGCSE}} 2023},
  pages = {563--569},
  publisher = {Association for Computing Machinery},
  isbn = {978-1-4503-9431-4}
}

@inproceedings{liffiton:2024:CodeHelpUsingLarge,
  title = {{{CodeHelp}}: {{Using Large Language Models}} with {{Guardrails}} for {{Scalable Support}} in {{Programming Classes}}},
  shorttitle = {{{CodeHelp}}},
  booktitle = {Proceedings of the 23rd {{Koli Calling International Conference}} on {{Computing Education Research}}},
  author = {Liffiton, Mark and Sheese, Brad E and Savelka, Jaromir and Denny, Paul},
  year = {2024},
  month = feb,
  series = {Koli {{Calling}} '23},
  pages = {1--11},
  publisher = {Association for Computing Machinery},
  isbn = {9798400716539}
}

@misc{liu:2024:JailbreakingChatGPTPrompt,
  title = {Jailbreaking {{ChatGPT}} via {{Prompt Engineering}}: {{An Empirical Study}}},
  shorttitle = {Jailbreaking {{ChatGPT}} via {{Prompt Engineering}}},
  author = {Liu, Yi and Deng, Gelei and Xu, Zhengzi and Li, Yuekang and Zheng, Yaowen and Zhang, Ying and Zhao, Lida and Zhang, Tianwei and Wang, Kailong and Liu, Yang},
  year = {2024},
  month = mar,
  number = {arXiv:2305.13860},
  eprint = {2305.13860},
  primaryclass = {cs},
  publisher = {arXiv},
  archiveprefix = {arXiv}
}

@inproceedings{liu:2024:TeachingAIGPT,
  title = {Teaching with {{AI}} ({{GPT}})},
  booktitle = {Proceedings of the 55th {{ACM Technical Symposium}} on {{Computer Science Education V}}. 2},
  author = {Liu, Rongxin and Zenke, Carter and Lloyd, Doug and Malan, David J.},
  year = {2024},
  month = mar,
  series = {{{SIGCSE}} 2024},
  pages = {1902},
  publisher = {Association for Computing Machinery},
  isbn = {9798400704246}
}

@inproceedings{liu:2024:TeachingCS50AIb,
  title = {Teaching {{CS50}} with {{AI}}: {{Leveraging Generative Artificial Intelligence}} in {{Computer Science Education}}},
  shorttitle = {Teaching {{CS50}} with {{AI}}},
  booktitle = {Proceedings of the 55th {{ACM Technical Symposium}} on {{Computer Science Education V}}. 1},
  author = {Liu, Rongxin and Zenke, Carter and Liu, Charlie and Holmes, Andrew and Thornton, Patrick and Malan, David J.},
  year = {2024},
  month = mar,
  series = {{{SIGCSE}} 2024},
  pages = {750--756},
  publisher = {Association for Computing Machinery},
  isbn = {9798400704239}
}

@inproceedings{liu:2024:TraditionalTeachingLargea,
  title = {Beyond {{Traditional Teaching}}: {{Large Language Models}} as {{Simulated Teaching Assistants}} in {{Computer Science}}},
  shorttitle = {Beyond {{Traditional Teaching}}},
  booktitle = {Proceedings of the 55th {{ACM Technical Symposium}} on {{Computer Science Education V}}. 1},
  author = {Liu, Mengqi and M'Hiri, Faten},
  year = {2024},
  month = mar,
  series = {{{SIGCSE}} 2024},
  pages = {743--749},
  publisher = {Association for Computing Machinery},
  isbn = {9798400704239}
}

@inproceedings{malaise:2024:ExplorotronIDEExtension,
  title = {Explorotron: {{An IDE Extension}} for {{Guided}} and {{Independent Code Exploration}} and {{Learning}} ({{Discussion Paper}})},
  shorttitle = {Explorotron},
  booktitle = {Proceedings of the 23rd {{Koli Calling International Conference}} on {{Computing Education Research}}},
  author = {Malaise, Yoshi and Signer, Beat},
  year = {2024},
  month = feb,
  series = {Koli {{Calling}} '23},
  pages = {1--8},
  publisher = {Association for Computing Machinery},
  isbn = {9798400716539}
}

@inproceedings{malysheva:2022:AlgorithmGeneratingExplainable,
  title = {An {{Algorithm}} for {{Generating Explainable Corrections}} to {{Student Code}}},
  booktitle = {Proceedings of the 22nd {{Koli Calling International Conference}} on {{Computing Education Research}}},
  author = {Malysheva, Yana and Kelleher, Caitlin},
  year = {2022},
  month = nov,
  series = {Koli {{Calling}} '22},
  pages = {1--11},
  publisher = {Association for Computing Machinery},
  isbn = {978-1-4503-9616-5}
}

@inproceedings{marwan:2020:AdaptiveImmediateFeedback,
  title = {Adaptive {{Immediate Feedback Can Improve Novice Programming Engagement}} and {{Intention}} to {{Persist}} in {{Computer Science}}},
  booktitle = {Proceedings of the 2020 {{ACM Conference}} on {{International Computing Education Research}}},
  author = {Marwan, Samiha and Gao, Ge and Fisk, Susan and Price, Thomas W. and Barnes, Tiffany},
  year = {2020},
  month = aug,
  series = {{{ICER}} '20},
  pages = {194--203},
  publisher = {Association for Computing Machinery},
  isbn = {978-1-4503-7092-9}
}

@inproceedings{mosbach:2023:FewshotFinetuningVs,
  title = {Few-Shot {{Fine-tuning}} vs. {{In-context Learning}}: {{A Fair Comparison}} and {{Evaluation}}},
  shorttitle = {Few-Shot {{Fine-tuning}} vs. {{In-context Learning}}},
  booktitle = {Findings of the {{Association}} for {{Computational Linguistics}}: {{ACL}} 2023},
  author = {Mosbach, Marius and Pimentel, Tiago and Ravfogel, Shauli and Klakow, Dietrich and Elazar, Yanai},
  editor = {Rogers, Anna and {Boyd-Graber}, Jordan and Okazaki, Naoaki},
  year = {2023},
  month = jul,
  pages = {12284--12314},
  publisher = {Association for Computational Linguistics}
}

@inproceedings{nguyen:2024:UsingGPT4Providea,
  title = {Using {{GPT-4}} to {{Provide Tiered}}, {{Formative Code Feedback}}},
  booktitle = {Proceedings of the 55th {{ACM Technical Symposium}} on {{Computer Science Education V}}. 1},
  author = {Nguyen, Ha and Allan, Vicki},
  year = {2024},
  month = mar,
  series = {{{SIGCSE}} 2024},
  pages = {958--964},
  publisher = {Association for Computing Machinery},
  isbn = {9798400704239}
}

@misc{nielsen:2000:WhyYouOnly,
  title = {Why You Only Need to Test with 5 Users},
  author = {Nielsen, Jakob},
  year = {2000}
}

@article{paiva:2022:AutomatedAssessmentComputer,
  title = {Automated {{Assessment}} in {{Computer Science Education}}: {{A State-of-the-Art Review}}},
  shorttitle = {Automated {{Assessment}} in {{Computer Science Education}}},
  author = {Paiva, Jos{\'e} Carlos and Leal, Jos{\'e} Paulo and Figueira, {\'A}lvaro},
  year = {2022},
  month = sep,
  journal = {ACM Transactions on Computing Education},
  volume = {22},
  number = {3},
  pages = {1--40},
  issn = {1946-6226, 1946-6226},
  langid = {english}
}

@inproceedings{park:2023:EliRankCodeEditing,
  title = {{{EliRank}}: {{A Code Editing History Based Ranking Model}} for {{Early Detection}} of {{Students}} in {{Need}}},
  shorttitle = {{{EliRank}}},
  booktitle = {Proceedings of the {{Tenth ACM Conference}} on {{Learning}} @ {{Scale}}},
  author = {Park, Jungkook and Oh, Alice},
  year = {2023},
  month = jul,
  series = {L@{{S}} '23},
  pages = {204--214},
  publisher = {Association for Computing Machinery},
  isbn = {9798400700255}
}

@inproceedings{prihar:2022:AutomaticInterpretablePersonalized,
  title = {Automatic {{Interpretable Personalized Learning}}},
  booktitle = {Proceedings of the {{Ninth ACM Conference}} on {{Learning}} @ {{Scale}}},
  author = {Prihar, Ethan and Haim, Aaron and Sales, Adam and Heffernan, Neil},
  year = {2022},
  month = jun,
  series = {L@{{S}} '22},
  pages = {1--11},
  publisher = {Association for Computing Machinery},
  isbn = {978-1-4503-9158-0}
}

@inproceedings{qiao:2023:ReasoningLanguageModel,
  title = {Reasoning with {{Language Model Prompting}}: {{A Survey}}},
  shorttitle = {Reasoning with {{Language Model Prompting}}},
  booktitle = {Proceedings of the 61st {{Annual Meeting}} of the {{Association}} for {{Computational Linguistics}} ({{Volume}} 1: {{Long Papers}})},
  author = {Qiao, Shuofei and Ou, Yixin and Zhang, Ningyu and Chen, Xiang and Yao, Yunzhi and Deng, Shumin and Tan, Chuanqi and Huang, Fei and Chen, Huajun},
  editor = {Rogers, Anna and {Boyd-Graber}, Jordan and Okazaki, Naoaki},
  year = {2023},
  month = jul,
  pages = {5368--5393},
  publisher = {Association for Computational Linguistics}
}

@inproceedings{risha:2021:StepwiseHelpScaffolding,
  title = {Stepwise {{Help}} and {{Scaffolding}} for {{Java Code Tracing Problems With}} an {{Interactive Trace Table}}},
  booktitle = {Proceedings of the 21st {{Koli Calling International Conference}} on {{Computing Education Research}}},
  author = {Risha, Zak and {Barria-Pineda}, Jordan and Akhuseyinoglu, Kamil and Brusilovsky, Peter},
  year = {2021},
  month = nov,
  series = {Koli {{Calling}} '21},
  pages = {1--10},
  publisher = {Association for Computing Machinery},
  isbn = {978-1-4503-8488-9}
}

@inproceedings{roest:2024:NextStepHintGeneration,
  title = {Next-{{Step Hint Generation}} for {{Introductory Programming Using Large Language Models}}},
  booktitle = {Proceedings of the 26th {{Australasian Computing Education Conference}}},
  author = {Roest, Lianne and Keuning, Hieke and Jeuring, Johan},
  year = {2024},
  month = jan,
  series = {{{ACE}} '24},
  pages = {144--153},
  publisher = {Association for Computing Machinery},
  isbn = {9798400716195}
}

@article{runeson:2009:GuidelinesConductingReporting,
  title = {Guidelines for Conducting and Reporting Case Study Research in Software Engineering},
  author = {Runeson, Per and H{\"o}st, Martin},
  year = {2009},
  month = apr,
  journal = {Empirical Software Engineering},
  volume = {14},
  number = {2},
  pages = {131--164},
  issn = {1573-7616}
}

@article{schartel:2012:GivingFeedbackIntegral,
  title = {Giving Feedback -- {{An}} Integral Part of Education},
  author = {Schartel, Scott A.},
  year = {2012},
  month = mar,
  journal = {Best Practice \& Research Clinical Anaesthesiology},
  series = {Challenges in {{Anaesthesia Education}}},
  volume = {26},
  number = {1},
  pages = {77--87},
  issn = {1521-6896}
}

@article{shute:2008:FocusFormativeFeedback,
  title = {Focus on {{Formative Feedback}}},
  author = {Shute, Valerie J.},
  year = {2008},
  month = mar,
  journal = {Review of Educational Research},
  volume = {78},
  number = {1},
  pages = {153--189},
  publisher = {American Educational Research Association},
  issn = {0034-6543},
  langid = {english}
}

@inproceedings{sondergaard:2004:EffectiveFeedbackSmall,
  title = {Effective Feedback to Small and Large Classes},
  booktitle = {34th {{Annual Frontiers}} in {{Education}}, 2004. {{FIE}} 2004.},
  author = {Sondergaard, H. and Thomas, D.},
  year = {2004},
  pages = {540--545},
  publisher = {IEEE},
  isbn = {978-0-7803-8552-8},
  langid = {english}
}

@misc{taylor:2023:DccHelpGenerating,
  title = {Dcc --Help: {{Generating Context-Aware Compiler Error Explanations}} with {{Large Language Models}}},
  shorttitle = {Dcc --Help},
  author = {Taylor, Andrew and Vassar, Alexandra and Renzella, Jake and Pearce, Hammond},
  year = {2023},
  month = oct,
  number = {arXiv:2308.11873},
  eprint = {2308.11873},
  primaryclass = {cs},
  publisher = {arXiv},
  archiveprefix = {arXiv}
}

@inproceedings{vandenaker:2024:DesignPrinciplesGeneratingb,
  title = {Design Principles for Generating and Presenting Automated Formative Feedback on Code Quality Using Software Metrics},
  booktitle = {Proceedings of the 46th {{International Conference}} on {{Software Engineering}}: {{Software Engineering Education}} and {{Training}}},
  author = {{van den Aker}, Eddy and Rahimi, Ebrahim},
  year = {2024},
  month = may,
  series = {{{ICSE-SEET}} '24},
  pages = {139--150},
  publisher = {Association for Computing Machinery},
  isbn = {9798400704987}
}

@article{wei:2022:ChainofThoughtPromptingElicits,
  title = {Chain-of-{{Thought Prompting Elicits Reasoning}} in {{Large Language Models}}},
  author = {Wei, Jason and Wang, Xuezhi and Schuurmans, Dale and Bosma, Maarten and Ichter, Brian and Xia, Fei and Chi, Ed and Le, Quoc V. and Zhou, Denny},
  year = {2022},
  month = dec,
  journal = {Advances in Neural Information Processing Systems},
  volume = {35},
  pages = {24824--24837},
  langid = {english}
}

@article{wei:2022:EmergentAbilitiesLarge,
  title = {Emergent {{Abilities}} of {{Large Language Models}}},
  author = {Wei, Jason and Tay, Yi and Bommasani, Rishi and Raffel, Colin and Zoph, Barret and Borgeaud, Sebastian and Yogatama, Dani and Bosma, Maarten and Zhou, Denny and Metzler, Donald and Chi, Ed H. and Hashimoto, Tatsunori and Vinyals, Oriol and Liang, Percy and Dean, Jeff and Fedus, William},
  year = {2022},
  month = jun,
  journal = {Transactions on Machine Learning Research},
  issn = {2835-8856},
  langid = {english}
}

@book{wieringa:2014:DesignScienceMethodologya,
  title = {Design {{Science Methodology}} for {{Information Systems}} and {{Software Engineering}}},
  author = {Wieringa, Roel J.},
  year = {2014},
  publisher = {Springer Berlin Heidelberg}
}

@inproceedings{woodrow:2024:AITeachesArt,
  title = {{{AI Teaches}} the {{Art}} of {{Elegant Coding}}: {{Timely}}, {{Fair}}, and {{Helpful Style Feedback}} in a {{Global Course}}},
  shorttitle = {{{AI Teaches}} the {{Art}} of {{Elegant Coding}}},
  booktitle = {Proceedings of the 55th {{ACM Technical Symposium}} on {{Computer Science Education V}}. 1},
  author = {Woodrow, Juliette and Malik, Ali and Piech, Chris},
  year = {2024},
  month = mar,
  series = {{{SIGCSE}} 2024},
  pages = {1442--1448},
  publisher = {Association for Computing Machinery},
  isbn = {9798400704239}
}

@inproceedings{xue:2024:DoesChatGPTHelpa,
  title = {Does {{ChatGPT}} Help with Introductory {{Programming}}?{{An}} Experiment of Students Using {{ChatGPT}} in {{CS1}}},
  booktitle = {Proceedings of the 46th International Conference on Software Engineering: {{Software}} Engineering Education and Training},
  author = {Xue, Yuankai and Chen, Hanlin and Bai, Gina R. and Tairas, Robert and Huang, Yu},
  year = {2024},
  series = {{{ICSE-SEET}} '24},
  pages = {331--341},
  publisher = {Association for Computing Machinery},
  isbn = {9798400704987}
}

@article{yang:2024:HarnessingPowerLLMs,
  title = {Harnessing the {{Power}} of {{LLMs}} in {{Practice}}: {{A Survey}} on {{ChatGPT}} and {{Beyond}}},
  shorttitle = {Harnessing the {{Power}} of {{LLMs}} in {{Practice}}},
  author = {Yang, Jingfeng and Jin, Hongye and Tang, Ruixiang and Han, Xiaotian and Feng, Qizhang and Jiang, Haoming and Zhong, Shaochen and Yin, Bing and Hu, Xia},
  year = {2024},
  month = apr,
  journal = {ACM Trans. Knowl. Discov. Data},
  volume = {18},
  number = {6},
  pages = {160:1--160:32},
  issn = {1556-4681}
}

@inproceedings{yao:2023:ReActSynergizingReasoning,
  title = {{{ReAct}}: {{Synergizing}} Reasoning and Acting in Language Models},
  booktitle = {The Eleventh International Conference on Learning Representations},
  author = {Yao, Shunyu and Zhao, Jeffrey and Yu, Dian and Du, Nan and Shafran, Izhak and Narasimhan, Karthik R and Cao, Yuan},
  year = {2023}
}

@article{zhang:2024:PyDexRepairingBugs,
  title = {{{PyDex}}: {{Repairing Bugs}} in {{Introductory Python Assignments}} Using {{LLMs}}},
  shorttitle = {{{PyDex}}},
  author = {Zhang, Jialu and Cambronero, Jos{\'e} Pablo and Gulwani, Sumit and Le, Vu and Piskac, Ruzica and Soares, Gustavo and Verbruggen, Gust},
  year = {2024},
  month = apr,
  journal = {Proc. ACM Program. Lang.},
  volume = {8},
  number = {OOPSLA1},
  pages = {133:1100--133:1124}
}

@misc{zhao:2023:SurveyLargeLanguage,
  title = {A {{Survey}} of {{Large Language Models}}},
  author = {Zhao, Wayne Xin and Zhou, Kun and Li, Junyi and Tang, Tianyi and Wang, Xiaolei and Hou, Yupeng and Min, Yingqian and Zhang, Beichen and Zhang, Junjie and Dong, Zican and Du, Yifan and Yang, Chen and Chen, Yushuo and Chen, Zhipeng and Jiang, Jinhao and Ren, Ruiyang and Li, Yifan and Tang, Xinyu and Liu, Zikang and Liu, Peiyu and Nie, Jian-Yun and Wen, Ji-Rong},
  year = {2023},
  month = nov,
  number = {arXiv:2303.18223},
  eprint = {2303.18223},
  primaryclass = {cs},
  publisher = {arXiv},
  archiveprefix = {arXiv}
}
